%----------------------------------------------------------------------------------------
%	BOOK, ARTICLE, JOURNAL, THESIS,...
%----------------------------------------------------------------------------------------

@book{tobias:book,
author = "Tobias Oetiker and Hubert Partl and Irene Hyna and Elisabeth Schlegl",
title = "The {N}ot {S}o {S}hort {I}ntroduction to \LaTeX{}2e",
year = "2010",
address = "Olten, Switzerland",
url = "https://tobi.oetiker.ch/lshort/",
urldate = {2021-06-21}
}
@misc{WhatisJT98:online,
author = {},
title = {What is JTAG and how can I make use of it? - XJTAG Tutorial},
howpublished = {\url{https://www.xjtag.com/about-jtag/what-is-jtag/}},
month = {},
year = {},
note = {(Accessed on 07/31/2023)}
}
@misc{JTAGhard62:online,
author = {},
title = {JTAG hardware debugger – JTAG},
howpublished = {\url{https://www.jtag.com/jtag-hw-debugger/}},
month = {},
year = {},
note = {(Accessed on 07/31/2023)}
}
@misc{WhatisCo30:online,
author = {},
title = {What is Computer Memory and What are Different Types?},
howpublished = {\url{https://www.techtarget.com/whatis/definition/memory}},
month = {},
year = {},
note = {(Accessed on 07/15/2023)}
}
@misc{Introduc7:online,
author = {},
title = {Introducing the Rambus CMRT - CryptoManager Root of Trust},
howpublished = {\url{https://www.rambus.com/blogs/introducing-the-rambus-cryptomanager-root-of-trust-cmrt/}},
month = {},
year = {},
note = {(Accessed on 07/15/2023)}
}
@misc{RootofTr86:online,
author = {},
title = {Root of Trust - Semiconductor Engineering},
howpublished = {\url{https://semiengineering.com/knowledge_centers/semiconductor-security/root-of-trust/}},
month = {},
year = {},
note = {(Accessed on 07/15/2023)}
}
@article{mcnally2012fuzzing,
  title={Fuzzing: the state of the art},
  author={McNally, Richard and Yiu, Ken and Grove, Duncan and Gerhardy, Damien},
  year={2012},
  publisher={DEFENCE SCIENCE AND TECHNOLOGY ORGANISATION EDINBURGH (AUSTRALIA)}
}
@misc{WhatIsaP12:online,
author = {},
title = {What Is a POS System and How Does It Work?},
howpublished = {\url{https://www.investopedia.com/terms/p/point-of-sale.asp}},
month = {},
year = {},
note = {(Accessed on 06/18/2023)}
}
@inproceedings{herrera2021seed,
  title={Seed selection for successful fuzzing},
  author={Herrera, Adrian and Gunadi, Hendra and Magrath, Shane and Norrish, Michael and Payer, Mathias and Hosking, Antony L},
  booktitle={Proceedings of the 30th ACM SIGSOFT International Symposium on Software Testing and Analysis},
  pages={230--243},
  year={2021}
}
@INPROCEEDINGS{9742291,
  author={Shen, Quanjiang and Wen, Mi and Zhang, Lei and Wang, Liangliang and Shen, Leyan and Cheng, Jing},
  booktitle={2021 2nd International Conference on Electronics, Communications and Information Technology (CECIT)},
  title={A systematic review of fuzzy testing for information systems and applications},
  year={2021},
  volume={},
  number={},
  pages={156-162},
  doi={10.1109/CECIT53797.2021.00035}}
  @article{bohme2020fuzzing,
  title={Fuzzing: Challenges and reflections},
  author={B{\"o}hme, Marcel and Cadar, Cristian and Roychoudhury, Abhik},
  journal={IEEE Software},
  volume={38},
  number={3},
  pages={79--86},
  year={2020},
  publisher={IEEE}
}
  @misc{WhatisaM24:online,
  author = {},
  title = {What is a Mission Critical System? - Definition from Techopedia},
  howpublished = {\url{https://www.techopedia.com/definition/23583/mission-critical-system}},
  month = {},
  year = {},
  note = {(Accessed on 06/10/2023)}
  }
@book{kopka:guide,
author = "Kopka, Helmut",
title = "Guide to \LaTeX{}",
publisher = "Addison-Wesley",
year = "2004",
address = "Boston",
isbn = {0321173856}
}

@article{zalewski2014american,
  title={American fuzzy lop (2017)},
  author={Zalewski, Michal},
  journal={URL: http://lcamtuf. coredump. cx/afl},
  year={2014}
}
@article{camposano1996embedded:ARTICLE,
  title={Embedded system design},
  author={Camposano, Raul and Wilberg, J{\"o}rg},
  journal={Design Automation for Embedded Systems},
  volume={1},
  number={1},
  pages={5--50},
  year={1996},
  publisher={Springer}
}


@article{manes2019art,
  title={The art, science, and engineering of fuzzing: A survey},
  author={Man{\`e}s, Valentin JM and Han, HyungSeok and Han, Choongwoo and Cha, Sang Kil and Egele, Manuel and Schwartz, Edward J and Woo, Maverick},
  journal={IEEE Transactions on Software Engineering},
  volume={47},
  number={11},
  pages={2312--2331},
  year={2019},
  publisher={IEEE}
}
@article{pang2023generation,
  title={Generation-based fuzzing? Don’t build a new generator, reuse!},
  author={Pang, Chengbin and Liu, Hongbin and Wang, Yifan and Gong, Neil Zhenqiang and Mao, Bing and Xu, Jun},
  journal={Computers \& Security},
  volume={129},
  pages={103178},
  year={2023},
  publisher={Elsevier}
}
@inproceedings{lyu2022ems,
  title={Ems: History-driven mutation for coverage-based fuzzing},
  author={Lyu, Chenyang and Ji, Shouling and Zhang, Xuhong and Liang, Hong and Zhao, Binbin and Lu, Kangjie and Beyah, Raheem},
  booktitle={29rd Annual Network and Distributed System Security Symposium, NDSS},
  pages={24--28},
  year={2022}
}
@article{miller2007analysis,
  title={Analysis of mutation and generation-based fuzzing},
  author={Miller, Charlie and Peterson, Zachary NJ and others},
  journal={Independent Security Evaluators, Tech. Rep},
  volume={4},
  year={2007}
}
@misc{HowManyI83:online,
author = {},
title = {How Many IoT Devices Are There in 2023?},
howpublished = {\url{https://techjury.net/blog/how-many-iot-devices-are-there/}},
month = {},
year = {},
note = {(Accessed on 03/25/2023)}
}
@book{marwedel2021embedded,
  title={Embedded system design: embedded systems foundations of cyber-physical systems, and the internet of things},
  author={Marwedel, Peter},
  year={2021},
  publisher={Springer Nature}
}
@book{myers2011art,
  title={The art of software testing},
  author={Myers, Glenford J and Sandler, Corey and Badgett, Tom},
  year={2011},
  publisher={John Wiley \& Sons}
}
@article{asfaw2015benefits,
  title={Benefits of automated testing over manual testing},
  author={Asfaw, Daniel},
  journal={International Journal of Innovative Research in Information Security},
  volume={2},
  number={1},
  pages={5--13},
  year={2015}
}
@inproceedings{fowler2018fuzz,
  title={Fuzz testing for automotive cyber-security},
  author={Fowler, Daniel S and Bryans, Jeremy and Shaikh, Siraj Ahmed and Wooderson, Paul},
  booktitle={2018 48th Annual IEEE/IFIP International Conference on Dependable Systems and Networks Workshops (DSN-W)},
  pages={239--246},
  year={2018},
  organization={IEEE}
}
@article{koopman2016challenges,
  title={Challenges in autonomous vehicle testing and validation},
  author={Koopman, Philip and Wagner, Michael},
  journal={SAE International Journal of Transportation Safety},
  volume={4},
  number={1},
  pages={15--24},
  year={2016},
  publisher={JSTOR}
}
@inproceedings{cunningham2019software,
  title={Software testing: a changing career},
  author={Cunningham, Sean and Gambo, Jemil and Lawless, Aidan and Moore, Declan and Yilmaz, Murat and Clarke, Paul M and O’Connor, Rory V},
  booktitle={Systems, Software and Services Process Improvement: 26th European Conference, EuroSPI 2019, Edinburgh, UK, September 18--20, 2019, Proceedings 26},
  pages={731--742},
  year={2019},
  organization={Springer}
}
@article{deng2023large,
  title={Large language models are edge-case fuzzers: Testing deep learning libraries via fuzzgpt},
  author={Deng, Yinlin and Xia, Chunqiu Steven and Yang, Chenyuan and Zhang, Shizhuo Dylan and Yang, Shujing and Zhang, Lingming},
  journal={arXiv preprint arXiv:2304.02014},
  year={2023}
}
@inproceedings{itkonen2009testers,
  title={How do testers do it? An exploratory study on manual testing practices},
  author={Itkonen, Juha and Mantyla, Mika V and Lassenius, Casper},
  booktitle={2009 3rd International Symposium on Empirical Software Engineering and Measurement},
  pages={494--497},
  year={2009},
  organization={IEEE}
}
@book{broekman2003testing,
  title={Testing embedded software},
  author={Broekman, Bart and Notenboom, Edwin},
  year={2003},
  publisher={Pearson Education}
}
@misc{1NewMess42:online,
author = {},
title = {(1) New Messages!},
howpublished = {\url{https://www.imperva.com/learn/application-security/remote-code-execution/}},
month = {},
year = {},
note = {(Accessed on 06/04/2023)}
}
@misc{WhatisSy89:online,
author = {},
title = {What is Systems Software? | Webopedia},
howpublished = {\url{https://www.webopedia.com/definitions/systems-software/}},
month = {},
year = {},
note = {(Accessed on 06/10/2023)}
}
@article{lehman2002software,
  title={Software evolution and software evolution processes},
  author={Lehman, Meir M and Ramil, Juan F},
  journal={Annals of Software Engineering},
  volume={14},
  pages={275--309},
  year={2002},
  publisher={Springer}
}
@article{yetisen2014regulation,
  title={The regulation of mobile medical applications},
  author={Yetisen, Ali Kemal and Martinez-Hurtado, JL and da Cruz Vasconcellos, Fernando and Simsekler, MC Emre and Akram, Muhammad Safwan and Lowe, Christopher R},
  journal={Lab on a Chip},
  volume={14},
  number={5},
  pages={833--840},
  year={2014},
  publisher={Royal Society of Chemistry}
}

@misc{Definiti63:online,
author = {},
title = {Definition of application program | PCMag},
howpublished = {\url{https://www.pcmag.com/encyclopedia/term/application-program}},
month = {},
year = {},
note = {(Accessed on 06/10/2023)}
}
@book{stallings1998operating,
  title={Operating systems internals and design principles},
  author={Stallings, William},
  year={1998},
  publisher={Prentice-Hall, Inc.}
}

@misc{Heartble53:online,
author = {},
title = {Heartbleed Bug},
howpublished = {\url{https://heartbleed.com/}},
month = {},
year = {},
note = {(Accessed on 07/02/2023)}
}
@book{loeliger2012version,
  title={Version Control with Git: Powerful tools and techniques for collaborative software development},
  author={Loeliger, Jon and McCullough, Matthew},
  year={2012},
  publisher={" O'Reilly Media, Inc."}
}
@article{kremenek2008finding,
  title={Finding software bugs with the clang static analyzer},
  author={Kremenek, Ted},
  journal={Apple Inc},
  pages={2008--08},
  year={2008}
}
@misc{AboutIAR98:online,
author = {},
title = {About | IAR},
howpublished = {\url{https://www.iar.com/about/}},
month = {},
year = {},
note = {(Accessed on 09/06/2023)}
}
@misc{AFLplusp13:online,
author = {},
title = {AFLplusplus/instrumentation/README.gcc\_plugin.md at stable · AFLplusplus/AFLplusplus · GitHub},
howpublished = {\url{https://github.com/AFLplusplus/AFLplusplus/blob/stable/instrumentation/README.gcc_plugin.md}},
month = {},
year = {},
note = {(Accessed on 09/25/2023)}
}

@misc{GCCtheGN9:online,
author = {},
title = {GCC, the GNU Compiler Collection - GNU Project},
howpublished = {\url{https://gcc.gnu.org/}},
month = {},
year = {},
note = {(Accessed on 09/06/2023)}
}

@inproceedings{bellard2005qemu,
  title={QEMU, a fast and portable dynamic translator.},
  author={Bellard, Fabrice},
  booktitle={USENIX annual technical conference, FREENIX Track},
  volume={41},
  pages={46},
  year={2005},
  organization={Califor-nia, USA}
}
@misc{Artifact8:online,
author = {},
title = {Artifactory - Universal Artifact Repository Manager - JFrog},
howpublished = {\url{https://jfrog.com/artifactory/}},
month = {},
year = {},
note = {(Accessed on 09/06/2023)}
}
@misc{TestFram11:online,
author = {},
title = {Test Framework — Zephyr Project Documentation},
howpublished = {\url{https://docs.zephyrproject.org/latest/develop/test/ztest.html}},
month = {},
year = {},
note = {(Accessed on 09/06/2023)}
}
@article{anderson2015docker,
  title={Docker [software engineering]},
  author={Anderson, Charles},
  journal={Ieee Software},
  volume={32},
  number={3},
  pages={102--c3},
  year={2015},
  publisher={IEEE}
}
@article{bui2015analysis,
  title={Analysis of docker security},
  author={Bui, Thanh},
  journal={arXiv preprint arXiv:1501.02967},
  year={2015}
}
@inproceedings{imtiaz2019developers,
  title={How do developers act on static analysis alerts? an empirical study of coverity usage},
  author={Imtiaz, Nasif and Murphy, Brendan and Williams, Laurie},
  booktitle={2019 IEEE 30th International Symposium on Software Reliability Engineering (ISSRE)},
  pages={323--333},
  year={2019},
  organization={IEEE}
}
@book{milanesio2013learning,
  title={Learning Gerrit Code Review},
  author={Milanesio, Luca},
  volume={144},
  year={2013},
  publisher={Packt Publishing}
}
@misc{GitHubgo74:online,
author = {},
title = {GitHub - google/atheris},
howpublished = {\url{https://github.com/google/atheris}},
month = {},
year = {},
note = {(Accessed on 06/09/2023)}
}
@misc{Differen58:online,
author = {},
title = {Differential Power Analysis (DPA) Countermeasures - Silicon Labs},
howpublished = {\url{https://www.silabs.com/security/differential-power-analysis}},
month = {},
year = {},
note = {(Accessed on 06/09/2023)}
}
@misc{SIDECHAN21:online,
author = {},
title = {SIDE-CHANNEL ATTACKS: How Differential Power Analysis (DPA) and Simple Power Analysis (SPA) Works - AnySilicon},
howpublished = {\url{https://anysilicon.com/side-channel-attacks-differential-power-analysis-dpa-simple-power-analysis-spa-works/}},
month = {},
year = {},
note = {(Accessed on 06/09/2023)}
}
@misc{PuttingA14:online,
author = {},
title = {Putting A Hardware Root-of-Trust To Work In An Anti-Counterfeiting IC},
howpublished = {\url{https://semiengineering.com/putting-a-hardware-root-of-trust-to-work-in-an-anti-counterfeiting-ic/}},
month = {},
year = {},
note = {(Accessed on 06/09/2023)}
}
@misc{Baseband1:online,
author = {},
title = {Baseband Processor - GIGABYTE Global},
howpublished = {\url{https://www.gigabyte.com/Glossary/baseband-processor}},
month = {},
year = {},
note = {(Accessed on 07/02/2023)}
}

@misc{WhatIsFi49:online,
author = {},
title = {What Is Firmware? Firmware Definition, Types and Examples | Fortinet},
howpublished = {\url{https://www.fortinet.com/resources/cyberglossary/what-is-firmware}},
month = {},
year = {},
note = {(Accessed on 06/09/2023)}
}

@misc{Hardware83:online,
author = {},
title = {Hardware Root of Trust: Everything you need to know - Rambus},
howpublished = {\url{https://www.rambus.com/blogs/hardware-root-of-trust/}},
month = {},
year = {},
note = {(Accessed on 07/31/2023)}
}
@inproceedings{baker2013analyzing,
  title={Analyzing security threats as reported by the united states computer emergency readiness team (US-CERT)},
  author={Baker, Yolanda S and Agrawal, Rajeev and Bhattacharya, Sambit},
  booktitle={2013 IEEE International Conference on Intelligence and Security Informatics},
  pages={10--12},
  year={2013},
  organization={IEEE}
}
@misc{DevOpsin19:online,
author = {},
title = {DevOps in CI/CD \& Its benefits to your Business. - Silicon Mind},
howpublished = {\url{https://silicon-mind.com/what-is-ci-cd-in-devops-continuous/}},
month = {},
year = {},
note = {(Accessed on 06/09/2023)}
}
@misc{WhatisEx64:online,
author = {},
title = {What is Exploratory Testing?},
howpublished = {\url{https://www.guru99.com/exploratory-testing.html}},
month = {},
year = {},
note = {(Accessed on 06/09/2023)}
}
@misc{ISOISO9044:online,
author = {},
title = {ISO - ISO 9001 and related standards — Quality management},
howpublished = {\url{https://www.iso.org/iso-9001-quality-management.html}},
month = {},
year = {},
note = {(Accessed on 06/09/2023)}
}
@article{kernighan2002c,
  title={The C programming language},
  author={Kernighan, Brian W and Ritchie, Dennis M},
  year={2002},
  publisher={Pearson Education Asia}
}
@inproceedings{cavano1978framework,
  title={A framework for the measurement of software quality},
  author={Cavano, Joseph P and McCall, James A},
  booktitle={Proceedings of the software quality assurance workshop on Functional and performance issues},
  pages={133--139},
  year={1978}
}
@inproceedings{boehm1976quantitative,
  title={Quantitative evaluation of software quality},
  author={Boehm, Barry W and Brown, John R and Lipow, Myron},
  booktitle={Proceedings of the 2nd international conference on Software engineering},
  pages={592--605},
  year={1976}
}
@book{chung2012non,
  title={Non-functional requirements in software engineering},
  author={Chung, Lawrence and Nixon, Brian A and Yu, Eric and Mylopoulos, John},
  volume={5},
  year={2012},
  publisher={Springer Science \& Business Media}
}
@inproceedings{kiruthika2015software,
  title={Software quality issues and challenges of internet of things},
  author={Kiruthika, Jay and Khaddaj, Souheil},
  booktitle={2015 14th International Symposium on Distributed Computing and Applications for Business Engineering and Science (DCABES)},
  pages={176--179},
  year={2015},
  organization={IEEE}
}
@article{kahn2002information,
  title={Information quality benchmarks: product and service performance},
  author={Kahn, Beverly K and Strong, Diane M and Wang, Richard Y},
  journal={Communications of the ACM},
  volume={45},
  number={4},
  pages={184--192},
  year={2002},
  publisher={ACM New York, NY, USA}
}
@article{rust1993customer,
  title={Customer satisfaction, customer retention, and market share},
  author={Rust, Roland T and Zahorik, Anthony J},
  journal={Journal of retailing},
  volume={69},
  number={2},
  pages={193--215},
  year={1993},
  publisher={Elsevier}
}
@article{mishra2022cybersecurity,
  title={Cybersecurity enterprises policies: a Comparative study},
  author={Mishra, Alok and Alzoubi, Yehia Ibrahim and Gill, Asif Qumer and Anwar, Memoona Javeria},
  journal={Sensors},
  volume={22},
  number={2},
  pages={538},
  year={2022},
  publisher={MDPI}
}
@book{pham2007system,
  title={System software reliability},
  author={Pham, Hoang},
  year={2007},
  publisher={Springer Science \& Business Media}
}
@article{ryker1997determinants,
  title={Determinants of computer user expectations and their relationships with user satisfaction: an empirical study},
  author={Ryker, Randy and Nath, Ravinder and Henson, James},
  journal={Information Processing \& Management},
  volume={33},
  number={4},
  pages={529--537},
  year={1997},
  publisher={Elsevier}
}
@misc{WhatIsSw25:online,
author = {},
title = {What Is Swift Used For?},
howpublished = {\url{https://www.codecademy.com/resources/blog/what-is-swift-used-for/}},
month = {},
year = {},
note = {(Accessed on 06/10/2023)}
}
@inproceedings{goosen2008brief,
  title={A brief history of choosing first programming languages},
  author={Goosen, Leila},
  booktitle={History of Computing and Education 3 (HCE3) IFIP 20 th World Computer Congress, Proceedings of the Third IFIP Conference on the History of Computing and Education WG 9.7/TC9, History of Computing, September 7--10, 2008, Milano, Italy},
  pages={167--170},
  year={2008},
  organization={Springer}
}
@misc{WhatIsKo37:online,
author = {},
title = {What Is Kotlin Used For?},
howpublished = {\url{https://www.codecademy.com/resources/blog/what-is-kotlin-used-for/}},
month = {},
year = {},
note = {(Accessed on 06/10/2023)}
}
@inproceedings{rebouccas2016empirical,
  title={An empirical study on the usage of the swift programming language},
  author={Rebou{\c{c}}as, Marcel and Pinto, Gustavo and Ebert, Felipe and Torres, Weslley and Serebrenik, Alexander and Castor, Fernando},
  booktitle={2016 IEEE 23rd international conference on software analysis, evolution, and reengineering (SANER)},
  volume={1},
  pages={634--638},
  year={2016},
  organization={IEEE}
}
@book{samuel2017programming,
  title={Programming kotlin},
  author={Samuel, Stephen and Bocutiu, Stefan},
  year={2017},
  publisher={Packt Publishing Ltd}
}
@inproceedings{van2007python,
  title={Python Programming Language.},
  author={Van Rossum, Guido and others},
  booktitle={USENIX annual technical conference},
  volume={41},
  number={1},
  pages={1--36},
  year={2007},
  organization={Santa Clara, CA}
}
@article{hunt2019pytest,
  title={Pytest testing framework},
  author={Hunt, John and Hunt, John},
  journal={Advanced Guide to Python 3 Programming},
  pages={175--186},
  year={2019},
  publisher={Springer}
}
@misc{WhatisHa66:online,
author = {},
title = {What is Hardware? Types \& Examples you need to know},
howpublished = {\url{https://softwarelab.org/what-is-hardware/}},
month = {},
year = {},
note = {(Accessed on 06/09/2023)}
}
@misc{WhatisRo39:online,
author = {},
title = {What is Root of Trust? - Utimaco},
howpublished = {\url{https://utimaco.com/products/technologies/hardware-security-modules/what-root-trust}},
month = {},
year = {},
note = {(Accessed on 06/09/2023)}
}
@article{standaert2010introduction,
  title={Introduction to side-channel attacks},
  author={Standaert, Fran{\c{c}}ois-Xavier},
  journal={Secure integrated circuits and systems},
  pages={27--42},
  year={2010},
  publisher={Springer}
}
@misc{WhatAreN47:online,
author = {},
title = {What Are Network Services? - Cisco},
howpublished = {\url{https://www.cisco.com/c/en/us/solutions/enterprise-networks/what-are-network-services.html#~q-a}},
month = {},
year = {},
note = {(Accessed on 06/09/2023)}
}
@article{kwon2014drives,
  title={What drives successful social networking services? A comparative analysis of user acceptance of Facebook and Twitter},
  author={Kwon, Sang Jib and Park, Eunil and Kim, Ki Joon},
  journal={The Social Science Journal},
  volume={51},
  number={4},
  pages={534--544},
  year={2014},
  publisher={Elsevier}
}
@misc{TypesofS33:online,
author = {},
title = {Types of Security Protocols - Bitdefender Cyberpedia},
howpublished = {\url{https://www.bitdefender.com/cyberpedia/types-of-security-protocols/}},
month = {},
year = {},
note = {(Accessed on 06/09/2023)}
}
@misc{WhatisPr3:online,
author = {},
title = {What is Provisioning? - Keeper Security},
howpublished = {\url{https://www.keepersecurity.com/resources/glossary/what-is-provisioning/}},
month = {},
year = {},
note = {(Accessed on 06/09/2023)}
}
@misc{WhatisKe81:online,
author = {},
title = {What is Key Management? How does Key Management work? | Encryption Consulting},
howpublished = {\url{https://www.encryptionconsulting.com/education-center/what-is-key-management}},
month = {},
year = {},
note = {(Accessed on 06/09/2023)}
}
@article{needham1978using,
  title={Using encryption for authentication in large networks of computers},
  author={Needham, Roger M and Schroeder, Michael D},
  journal={Communications of the ACM},
  volume={21},
  number={12},
  pages={993--999},
  year={1978},
  publisher={ACM New York, NY, USA}
}
@misc{WhatisEn13:online,
author = {},
title = {What is Encryption Key Management? | Thales},
howpublished = {\url{https://cpl.thalesgroup.com/faq/key-secrets-management/what-encryption-key-management}},
month = {},
year = {},
note = {(Accessed on 07/31/2023)}
}
@article{nechvatal2001report,
  title={Report on the development of the Advanced Encryption Standard (AES)},
  author={Nechvatal, James and Barker, Elaine and Bassham, Lawrence and Burr, William and Dworkin, Morris and Foti, James and Roback, Edward},
  journal={Journal of research of the National Institute of Standards and Technology},
  volume={106},
  number={3},
  pages={511},
  year={2001},
  publisher={National Institute of Standards and Technology}
}
@article{milanov2009rsa,
  title={The RSA algorithm},
  author={Milanov, Evgeny},
  journal={RSA laboratories},
  pages={1--11},
  year={2009}
}
@inproceedings{bos2014elliptic,
  title={Elliptic curve cryptography in practice},
  author={Bos, Joppe W and Halderman, J Alex and Heninger, Nadia and Moore, Jonathan and Naehrig, Michael and Wustrow, Eric},
  booktitle={Financial Cryptography and Data Security: 18th International Conference, FC 2014, Christ Church, Barbados, March 3-7, 2014, Revised Selected Papers 18},
  pages={157--175},
  year={2014},
  organization={Springer}
}
@misc{Security75:online,
author = {},
title = {Security — Zephyr Project Documentation},
howpublished = {\url{https://docs.zephyrproject.org/latest/security/index.html}},
month = {},
year = {},
note = {(Accessed on 07/31/2023)}
}
@misc{ZephyrPr4:online,
author = {},
title = {Zephyr Project Documentation — Zephyr Project Documentation},
howpublished = {\url{https://docs.zephyrproject.org/latest/}},
month = {},
year = {},
note = {(Accessed on 07/31/2023)}
}
@misc{ZephyrPr92:online,
author = {},
title = {Zephyr Project New - Zephyr Project},
howpublished = {\url{https://www.zephyrproject.org/}},
month = {},
year = {},
note = {(Accessed on 07/31/2023)}
}
@misc{Kernelin72:online,
author = {},
title = {Kernel in Operating System - GeeksforGeeks},
howpublished = {\url{https://www.geeksforgeeks.org/kernel-in-operating-system/}},
month = {},
year = {},
note = {(Accessed on 07/31/2023)}
}
@misc{Whatisan76:online,
author = {},
title = {What is an IP (Intellectual Property) core in Semiconductors? - AnySilicon},
howpublished = {\url{https://anysilicon.com/ip-intellectual-property-core-semiconductors/}},
month = {},
year = {},
note = {(Accessed on 06/09/2023)}
}
@misc{VxWorksI53:online,
author = {},
title = {VxWorks | Industry Leading RTOS for Embedded Systems},
howpublished = {\url{https://www.windriver.com/products/vxworks}},
month = {},
year = {},
note = {(Accessed on 06/04/2023)}
}
@misc{TreckTCP63:online,
author = {},
title = {Treck TCP Datasheet - Treck | Embedded TCP/IP | Internet Protocols},
howpublished = {\url{https://treck.com/treck-tcp-datasheet/}},
month = {},
year = {},
note = {(Accessed on 06/04/2023)}
}
@misc{IoTriddl27:online,
author = {},
title = {IoT riddled with BadAlloc vulnerabilities},
howpublished = {\url{https://www.malwarebytes.com/blog/news/2021/04/iot-riddled-with-badalloc-vulnerabilities}},
month = {},
year = {},
note = {(Accessed on 06/04/2023)}
}
@misc{WhatisUR60:online,
author = {},
title = {What is URGENT/11 vulnerability? | Armis Research},
howpublished = {\url{https://www.armis.com/research/urgent11/}},
month = {},
year = {},
note = {(Accessed on 06/04/2023)}
}
@article{priyan2019survey,
  title={A survey on internet of vehicles: applications, technologies, challenges and opportunities},
  author={Priyan, MK and Devi, G Usha},
  journal={International Journal of Advanced Intelligence Paradigms},
  volume={12},
  number={1-2},
  pages={98--119},
  year={2019},
  publisher={Inderscience Publishers (IEL)}
}
@misc{LargeDDo94:online,
author = {},
title = {Large DDoS attacks cause outages at Twitter, Spotify, and other sites | TechCrunch},
howpublished = {\url{https://techcrunch.com/2016/10/21/many-sites-including-twitter-and-spotify-suffering-outage/?guccounter=1&guce_referrer=aHR0cHM6Ly9lbi53aWtpcGVkaWEub3JnLw&guce_referrer_sig=AQAAACUQcZRMSZBGfovGj-5oofsBcBcYBVwes3rlSX630JTBdQjWezoD40UI_ZcT7c1yvQ3QZfaR1qX_fAEtBe7sKR21FtT5snWGgo83Gwkh66PLfCZbmfhvffPX8dnXce_9_edReucn_BqjHLSoynQU3R1LfWuQ2LLSmLBix7xwh5kL}},
month = {},
year = {},
note = {(Accessed on 06/04/2023)}
}
@misc{10oftheB31:online,
author = {},
title = {10 of the Biggest Data Breaches in History | DataProt},
howpublished = {\url{https://dataprot.net/articles/biggest-data-breaches/}},
month = {},
year = {},
note = {(Accessed on 06/04/2023)}
}
@misc{The15big77:online,
author = {},
title = {The 15 biggest data breaches of the 21st century | CSO Online},
howpublished = {\url{https://www.csoonline.com/article/2130877/the-biggest-data-breaches-of-the-21st-century.html}},
month = {},
year = {},
note = {(Accessed on 06/04/2023)}
}
@misc{KrebsOnS42:online,
author = {},
title = {KrebsOnSecurity Hit With Record DDoS – Krebs on Security},
howpublished = {\url{https://krebsonsecurity.com/2016/09/krebsonsecurity-hit-with-record-ddos/}},
month = {},
year = {},
note = {(Accessed on 06/04/2023)}
}
@misc{TypesofE31:online,
author = {},
title = {Types of Embedded Systems | 4 Types of System on Performance Based},
howpublished = {\url{https://www.educba.com/types-of-embedded-systems/}},
month = {},
year = {},
note = {(Accessed on 06/18/2023)}
}
@inproceedings{antonakakis2017understanding,
  title={Understanding the mirai botnet},
  author={Antonakakis, Manos and April, Tim and Bailey, Michael and Bernhard, Matt and Bursztein, Elie and Cochran, Jaime and Durumeric, Zakir and Halderman, J Alex and Invernizzi, Luca and Kallitsis, Michalis and others},
  booktitle={26th $\{$USENIX$\}$ security symposium ($\{$USENIX$\}$ Security 17)},
  pages={1093--1110},
  year={2017}
}
@article{pradhan2021iot,
  title={IoT-based applications in healthcare devices},
  author={Pradhan, Bikash and Bhattacharyya, Saugat and Pal, Kunal},
  journal={Journal of healthcare engineering},
  volume={2021},
  pages={1--18},
  year={2021},
  publisher={Hindawi Limited}
}
@inproceedings{baranwal2016development,
  title={Development of IoT based smart security and monitoring devices for agriculture},
  author={Baranwal, Tanmay and Pateriya, Pushpendra Kumar and others},
  booktitle={2016 6th International Conference-Cloud System and Big Data Engineering (Confluence)},
  pages={597--602},
  year={2016},
  organization={IEEE}
}
@article{patil2012internet,
  title={Internet of things (Iot) and cloud computing for agriculture: An overview},
  author={Patil, VC and Al-Gaadi, KA and Biradar, DP and Rangaswamy, M},
  journal={Proceedings of agro-informatics and precision agriculture (AIPA 2012), India},
  pages={292--296},
  year={2012}
}
@article{poongodi2020wearable,
  title={Wearable devices and IoT},
  author={Poongodi, T and Krishnamurthi, Rajalakshmi and Indrakumari, R and Suresh, P and Balusamy, Balamurugan},
  journal={A handbook of Internet of Things in biomedical and cyber physical system},
  pages={245--273},
  year={2020},
  publisher={Springer}
}
@inproceedings{wang2015anycontrol,
  title={Anycontrol--iot based home appliances monitoring and controlling},
  author={Wang, Dongyu and Lo, Dixon and Bhimani, Janak and Sugiura, Kazunori},
  booktitle={2015 IEEE 39th Annual Computer Software and Applications Conference},
  volume={3},
  pages={487--492},
  year={2015},
  organization={IEEE}
}
@misc{Introduc22:online,
author = {},
title = {Introduction To Embedded System Basics and Applications},
howpublished = {\url{https://www.elprocus.com/basics-of-embedded-system-and-applications/}},
month = {},
year = {},
note = {(Accessed on 06/18/2023)}
}
@misc{Internet36:online,
author = {},
title = {Internet of things (IoT) in nano-integrated wearable biosensor devices for healthcare applications - ScienceDirect},
howpublished = {\url{https://www-sciencedirect-com.ezproxy.metropolia.fi/science/article/pii/S2590137022000486}},
month = {},
year = {},
note = {(Accessed on 06/04/2023)}
}
@article{eisele2022embedded,
  title={Embedded fuzzing: a review of challenges, tools, and solutions},
  author={Eisele, Max and Maugeri, Marcello and Shriwas, Rachna and Huth, Christopher and Bella, Giampaolo},
  journal={Cybersecurity},
  volume={5},
  number={1},
  pages={18},
  year={2022},
  publisher={Springer}
}
@incollection{felderer2016security,
  title={Security testing: A survey},
  author={Felderer, Michael and B{\"u}chler, Matthias and Johns, Martin and Brucker, Achim D and Breu, Ruth and Pretschner, Alexander},
  booktitle={Advances in Computers},
  volume={101},
  pages={1--51},
  year={2016},
  publisher={Elsevier}
}
@article{yun2022fuzzing,
  title={Fuzzing of Embedded Systems: A Survey},
  author={Yun, Joobeom and Rustamov, Fayozbek and Kim, Juhwan and Shin, Youngjoo},
  journal={ACM Computing Surveys},
  volume={55},
  number={7},
  pages={1--33},
  year={2022},
  publisher={ACM New York, NY}
}
@misc{WhatAreE30:online,
author = {},
title = {What Are Embedded Systems?},
howpublished = {\url{https://www.trentonsystems.com/blog/what-are-embedded-systems}},
month = {},
year = {},
note = {(Accessed on 06/18/2023)}
}
@article{zimmer2016establishing,
  title={Establishing the root of trust},
  author={Zimmer, Vincent and Krau, Michael},
  journal={UEFI. org document dated August},
  year={2016}
}

@inproceedings{zaddach2014avatar,
  title={AVATAR: A Framework to Support Dynamic Security Analysis of Embedded Systems' Firmwares.},
  author={Zaddach, Jonas and Bruno, Luca and Francillon, Aurelien and Balzarotti, Davide and others},
  booktitle={NDSS},
  volume={23},
  pages={1--16},
  year={2014}
}
@inproceedings{chen2016towards,
  title={Towards automated dynamic analysis for linux-based embedded firmware.},
  author={Chen, Daming D and Woo, Maverick and Brumley, David and Egele, Manuel},
  booktitle={NDSS},
  volume={1},
  pages={1--1},
  year={2016}
}
@article{lipp2020meltdown,
  title={Meltdown: Reading kernel memory from user space},
  author={Lipp, Moritz and Schwarz, Michael and Gruss, Daniel and Prescher, Thomas and Haas, Werner and Horn, Jann and Mangard, Stefan and Kocher, Paul and Genkin, Daniel and Yarom, Yuval and others},
  journal={Communications of the ACM},
  volume={63},
  number={6},
  pages={46--56},
  year={2020},
  publisher={ACM New York, NY, USA}
}
@article{kocher2020spectre,
  title={Spectre attacks: Exploiting speculative execution},
  author={Kocher, Paul and Horn, Jann and Fogh, Anders and Genkin, Daniel and Gruss, Daniel and Haas, Werner and Hamburg, Mike and Lipp, Moritz and Mangard, Stefan and Prescher, Thomas and others},
  journal={Communications of the ACM},
  volume={63},
  number={7},
  pages={93--101},
  year={2020},
  publisher={ACM New York, NY, USA}
}
‌@INPROCEEDINGS{9787842,
author={Eisele, Max},
booktitle={2022 IEEE Conference on Software Testing, Verification and Validation (ICST)},
title={Debugger-driven Embedded Fuzzing},
year={2022},
volume={},
number={},
pages={483-485},
doi={10.1109/ICST53961.2022.00062}}

@article{el2017review,
  title={A review of embedded systems education in the Arduino age: Lessons learned and future directions},
  author={El-Abd, Mohammed},
  year={2017},
  publisher={International Association of Online Engineering}
}
@misc{Automoti68:online,
author = {},
title = {Automotive industry | History, Overview, Definition, Developments, \& Facts | Britannica},
howpublished = {\url{https://www.britannica.com/technology/automotive-industry}},
month = {},
year = {},
note = {(Accessed on 06/03/2023)}
}

@article{kostic1997digital,
  title={Digital signal processors in cellular radio communications},
  author={Kostic, Zoran and Seetharaman, Selvaraj},
  journal={IEEE Communications Magazine},
  volume={35},
  number={12},
  pages={22--35},
  year={1997},
  publisher={IEEE}
}
@article{kang2017enhanced,
  title={An enhanced security framework for home appliances in smart home},
  author={Kang, Won Min and Moon, Seo Yeon and Park, Jong Hyuk},
  journal={Human-centric Computing and Information Sciences},
  volume={7},
  pages={1--12},
  year={2017},
  publisher={Springer}
}
@article{gridling2007introduction,
  title={Introduction to microcontrollers},
  author={Gridling, Gunther and Weiss, Bettina},
  journal={Vienna University of Technology Institute of Computer Engineering Embedded Computing Systems Group},
  year={2007}
}
@misc{Introduc82:online,
author = {},
title = {Introduction To Embedded System Basics and Applications},
howpublished = {\url{https://www.elprocus.com/basics-of-embedded-system-and-applications/}},
month = {},
year = {},
note = {(Accessed on 06/18/2023)}
}
@article{thramboulidis2007soa,
  title={A SOA-based embedded systems development environment for industrial automation},
  author={Thramboulidis, Kleanthis C and Doukas, G and Koumoutsos, G},
  journal={EURASIP Journal on Embedded Systems},
  volume={2008},
  pages={1--15},
  year={2007},
  publisher={Springer}
}

@book{jafari2007medical,
  title={Medical embedded systems},
  author={Jafari, Roozbeh and Ghiasi, Soheil and Sarrafzadeh, Majid},
  year={2007},
  publisher={Springer}
}

@inproceedings{bieber2012security,
  title={Security and safety assurance for aerospace embedded systems},
  author={Bieber, Pierre and Blanquart, Jean-Paul and Descargues, Gilles and Dulucq, Michael and Fourastier, Yannick and Hazane, Eric and Julien, Mathias and L{\'e}onardon, Laurent and Sarouille, Gabrielle},
  booktitle={Embedded real time software and systems (ERTS2012)},
  year={2012}
}
@article{paulin1995dsp,
  title={DSP design tool requirements for embedded systems: A telecommunications industrial perspective},
  author={Paulin, Pierre G and Liem, Clifford and May, Trevor C and Sutarwala, Shailesh},
  journal={Journal of VLSI signal processing systems for signal, image and video technology},
  volume={9},
  number={1-2},
  pages={23--47},
  year={1995},
  publisher={Springer}
}

@article{andrae2010life,
  title={Life cycle assessments of consumer electronics—are they consistent?},
  author={Andrae, Anders SG and Andersen, Otto},
  journal={The International Journal of Life Cycle Assessment},
  volume={15},
  pages={827--836},
  year={2010},
  publisher={Springer}
}
@misc{Embedded21:online,
author = {},
title = {Embedded systems - AERTEC},
howpublished = {\url{https://aertecsolutions.com/en/aerospace-defence-systems/embedded-systems/}},
month = {},
year = {},
note = {(Accessed on 06/03/2023)}
}
@ARTICLE{1310250,
  author={Koopman, P.},
  journal={Computer},
  title={Embedded system security},
  year={2004},
  volume={37},
  number={7},
  pages={95-97},
  doi={10.1109/MC.2004.52}}

  @book{berger2001embedded,
  title={Embedded systems design: an introduction to processes, tools, and techniques},
  author={Berger, Arnold},
  year={2001},
  publisher={CRC Press}
}
@misc{Whatisan48:online,
author = {},
title = {What is an embedded device? - TechTarget},
howpublished = {\url{https://www.techtarget.com/whatis/definition/embedded-device#:~:text=Embedded%20devices%20and%20systems%20are,household%20appliances}},
month = {},
year = {},
note = {(Accessed on 06/03/2023)}
}
@ARTICLE{819971,
  author={Whittaker, J.A.},
  journal={IEEE Software},
  title={What is software testing? And why is it so hard?},
  year={2000},
  volume={17},
  number={1},
  pages={70-79},
  doi={10.1109/52.819971}}

  @article{lindqvist2017future,
  title={The future of the Internet of Things},
  author={Lindqvist, Ulf and Neumann, Peter G},
  journal={Communications of the ACM},
  volume={60},
  number={2},
  pages={26--30},
  year={2017},
  publisher={ACM New York, NY, USA}
}

@article{seri2019critical,
  title={Critical vulnerabilities to remotely compromise VxWorks, the most popular RTOS},
  author={Seri, Ben and Vishnepolsky, Gregory and Zusman, Dor},
  journal={White Paper, ARMIS, URGENT/11},
  year={2019}
}

@INPROCEEDINGS{8748529,
  author={Jain, Parita and Sharma, Arun and Ahuja, Laxmi},
  booktitle={2018 7th International Conference on Reliability, Infocom Technologies and Optimization (Trends and Future Directions) (ICRITO)},
  title={The Impact of Agile Software Development Process on the Quality of Software Product},
  year={2018},
  volume={},
  number={},
  pages={812-815},
  doi={10.1109/ICRITO.2018.8748529}}

@article{whittaker2000software,
  title={What is software testing? And why is it so hard?},
  author={Whittaker, James A},
  journal={IEEE software},
  volume={17},
  number={1},
  pages={70--79},
  year={2000},
  publisher={IEEE}
}

@inproceedings{bentley2005software,
  title={Software testing fundamentals—concepts, roles, and terminology},
  author={Bentley, John E and Bank, Wachovia and Charlotte, NC},
  booktitle={Proceedings of SAS Conference},
  pages={1--12},
  year={2005}
}

@inproceedings{jamil2016software,
  title={Software testing techniques: A literature review},
  author={Jamil, Muhammad Abid and Arif, Muhammad and Abubakar, Normi Sham Awang and Ahmad, Akhlaq},
  booktitle={2016 6th international conference on information and communication technology for the Muslim world (ICT4M)},
  pages={177--182},
  year={2016},
  organization={IEEE}
}

@article{arumugam2019software,
  title={Software Testing Techniques \& New Trends},
  author={Arumugam, Arun Kumar},
  journal={International Journal of Engineering Research \& Technology (IJERT)},
  volume={8},
  number={12},
  year={2019}
}

@book{mili2015software,
  title={Software testing: Concepts and operations},
  author={Mili, Ali and Tchier, Fairouz},
  year={2015},
  publisher={John Wiley \& Sons}
}


@article{pan1999software,
  title={Software testing},
  author={Pan, Jiantao},
  journal={Dependable Embedded Systems},
  volume={5},
  pages={2006},
  year={1999}
}

@article{weyuker2000experience,
  title={Experience with performance testing of software systems: issues, an approach, and case study},
  author={Weyuker, Elaine J and Vokolos, Filippos I},
  journal={IEEE transactions on software engineering},
  volume={26},
  number={12},
  pages={1147--1156},
  year={2000},
  publisher={IEEE}
}

@article{potter2004software,
  title={Software security testing},
  author={Potter, Bruce and McGraw, Gary},
  journal={IEEE Security \& Privacy},
  volume={2},
  number={5},
  pages={81--85},
  year={2004},
  publisher={IEEE}
}
@article{jovanovic2006software,
  title={Software testing methods and techniques},
  author={Jovanovi{\'c}, Irena},
  journal={The IPSI BgD Transactions on Internet Research},
  volume={30},
  year={2006}
}
@book{abran2001guide,
  title={Guide to the software engineering body of knowledge-SWEBOK},
  author={Abran, Alain and Bourque, Pierre and Dupuis, Robert and Moore, James W},
  year={2001},
  publisher={IEEE Press}
}
@article{miller1981introduction,
  title={Introduction to software testing technology},
  author={Miller, EF},
  journal={Tutorial: Software Testing \& Validation Techniques, Second Edition, IEEE Catalog No. EHO},
  pages={180--0},
  year={1981}
}
@inproceedings{godefroid2008grammar,
  title={Grammar-based whitebox fuzzing},
  author={Godefroid, Patrice and Kiezun, Adam and Levin, Michael Y},
  booktitle={Proceedings of the 29th ACM SIGPLAN conference on programming language design and implementation},
  pages={206--215},
  year={2008}
}

@article{pudas2017improving,
  title={Improving Crash Uniqueness Detection in Fuzzy Testing: Case JyvSectec},
  author={Pudas, Mikko},
  year={2017},
  publisher={Jyv{\"a}skyl{\"a}n ammattikorkeakoulu}
}
@article{wilson2018evaluation,
  title={Evaluation of fuzzing as a test method for an embedded system},
  author={Wilson, Thomas},
  year={2018},
  publisher={Yrkesh{\"o}gskolan Novia}
}

@inproceedings{klees2018evaluating,
  title={Evaluating fuzz testing},
  author={Klees, George and Ruef, Andrew and Cooper, Benji and Wei, Shiyi and Hicks, Michael},
  booktitle={Proceedings of the 2018 ACM SIGSAC conference on computer and communications security},
  pages={2123--2138},
  year={2018}
}

@article{li2018fuzzing,
  title={Fuzzing: a survey},
  author={Li, Jun and Zhao, Bodong and Zhang, Chao},
  journal={Cybersecurity},
  volume={1},
  number={1},
  pages={1--13},
  year={2018},
  publisher={SpringerOpen}
}

@article{takanen2009fuzzing,
  title={Fuzzing: the Past, the Present and the Future},
  author={Takanen, Ari},
  journal={Actes du},
  pages={202--212},
  year={2009}
}

@article{godefroid2012sage,
  title={SAGE: whitebox fuzzing for security testing},
  author={Godefroid, Patrice and Levin, Michael Y and Molnar, David},
  journal={Communications of the ACM},
  volume={55},
  number={3},
  pages={40--44},
  year={2012},
  publisher={ACM New York, NY, USA}
}
@inproceedings{cadar2008klee,
  title={Klee: unassisted and automatic generation of high-coverage tests for complex systems programs.},
  author={Cadar, Cristian and Dunbar, Daniel and Engler, Dawson R and others},
  booktitle={OSDI},
  volume={8},
  pages={209--224},
  year={2008}
}
@inproceedings{caballero2010input,
  title={Input generation via decomposition and re-stitching: Finding bugs in malware},
  author={Caballero, Juan and Poosankam, Pongsin and McCamant, Stephen and Babi {\'c}, Domagoj and Song, Dawn},
  booktitle={Proceedings of the 17th ACM conference on Computer and communications security},
  pages={413--425},
  year={2010}
}
@inproceedings{peng2018t,
  title={T-Fuzz: fuzzing by program transformation},
  author={Peng, Hui and Shoshitaishvili, Yan and Payer, Mathias},
  booktitle={2018 IEEE Symposium on Security and Privacy (SP)},
  pages={697--710},
  year={2018},
  organization={IEEE}
}


@article{liang2018fuzzing,
  title={Fuzzing: State of the art},
  author={Liang, Hongliang and Pei, Xiaoxiao and Jia, Xiaodong and Shen, Wuwei and Zhang, Jian},
  journal={IEEE Transactions on Reliability},
  volume={67},
  number={3},
  pages={1199--1218},
  year={2018},
  publisher={IEEE}
}
@article{jurczyk2016effective,
  title={Effective file format fuzzing},
  author={Jurczyk, M},
  journal={Black hat Europe},
  year={2016}
}
@article{sen2005cute,
  title={CUTE: A concolic unit testing engine for C},
  author={Sen, Koushik and Marinov, Darko and Agha, Gul},
  journal={ACM SIGSOFT Software Engineering Notes},
  volume={30},
  number={5},
  pages={263--272},
  year={2005},
  publisher={ACM New York, NY, USA}
}
@inproceedings{kang2011dta++,
  title={Dta++: dynamic taint analysis with targeted control-flow propagation.},
  author={Kang, Min Gyung and McCamant, Stephen and Poosankam, Pongsin and Song, Dawn},
  booktitle={NDSS},
  year={2011}
}
@article{kim2011efficient,
  title={Efficient file fuzz testing using automated analysis of binary file format},
  author={Kim, Hyoung Chun and Choi, Young Han and Lee, Dong Hoon},
  journal={Journal of Systems Architecture},
  volume={57},
  number={3},
  pages={259--268},
  year={2011},
  publisher={Elsevier}
}
@inproceedings{wang2010taintscope,
  title={TaintScope: A checksum-aware directed fuzzing tool for automatic software vulnerability detection},
  author={Wang, Tielei and Wei, Tao and Gu, Guofei and Zou, Wei},
  booktitle={2010 IEEE Symposium on Security and Privacy},
  pages={497--512},
  year={2010},
  organization={IEEE}
}
@inproceedings{cao2015towards,
  title={Towards analyzing the input validation vulnerabilities associated with android system services},
  author={Cao, Chen and Gao, Neng and Liu, Peng and Xiang, Ji},
  booktitle={Proceedings of the 31st Annual Computer Security Applications Conference},
  pages={361--370},
  year={2015}
}
@inproceedings{rasthofer2017making,
  title={Making malory behave maliciously: Targeted fuzzing of android execution environments},
  author={Rasthofer, Siegfried and Arzt, Steven and Triller, Stefan and Pradel, Michael},
  booktitle={2017 IEEE/ACM 39th International Conference on Software Engineering (ICSE)},
  pages={300--311},
  year={2017},
  organization={IEEE}
}
@inproceedings{tsankov2013semi,
  title={Semi-valid input coverage for fuzz testing},
  author={Tsankov, Petar and Dashti, Mohammad Torabi and Basin, David},
  booktitle={Proceedings of the 2013 International Symposium on Software Testing and Analysis},
  pages={56--66},
  year={2013}
}
@article{chen2016dynamically,
  title={Dynamically discovering likely memory layout to perform accurate fuzzing},
  author={Chen, Kai and Zhang, Yingjun and Liu, Peng},
  journal={IEEE Transactions on Reliability},
  volume={65},
  number={3},
  pages={1180--1194},
  year={2016},
  publisher={IEEE}
}
@article{bohme2021fuzzing,
  title={Fuzzing: Challenges and Reflections.},
  author={B{\"o}hme, Marcel and Cadar, Cristian and Roychoudhury, Abhik},
  journal={IEEE Softw.},
  volume={38},
  number={3},
  pages={79--86},
  year={2021}
}
@article{cadar2013symbolic,
  title={Symbolic execution for software testing: three decades later},
  author={Cadar, Cristian and Sen, Koushik},
  journal={Communications of the ACM},
  volume={56},
  number={2},
  pages={82--90},
  year={2013},
  publisher={ACM New York, NY, USA}
}
@inproceedings{godefroid2008automated,
  title={Automated whitebox fuzz testing.},
  author={Godefroid, Patrice and Levin, Michael Y and Molnar, David A and others},
  booktitle={NDSS},
  volume={8},
  pages={151--166},
  year={2008}
}
@inproceedings{muench2018you,
  title={What you corrupt is not what you crash: Challenges in fuzzing embedded devices.},
  author={Muench, Marius and Stijohann, Jan and Kargl, Frank and Francillon, Aur{\'e}lien and Balzarotti, Davide},
  booktitle={NDSS},
  year={2018}
}

@article{oehlert2005violating,
  title={Violating assumptions with fuzzing},
  author={Oehlert, Peter},
  journal={IEEE Security \& Privacy},
  volume={3},
  number={2},
  pages={58--62},
  year={2005},
  publisher={IEEE}
}
@article{pietikainen2016steps,
  title={Steps Towards Fuzz Testing in Agile Test Automation},
  author={Pietik{\"a}inen, Pekka and Kettunen, Atte and R{\"o}ning, Juha},
  journal={International Journal of Secure Software Engineering (IJSSE)},
  volume={7},
  number={1},
  pages={38--52},
  year={2016},
  publisher={IGI Global}
}
@misc{SnapFuzz27:online,
author = {},
title = {SnapFuzz: New fuzzing tool speeds up testing of network applications | The Daily Swig},
howpublished = {\url{https://portswigger.net/daily-swig/snapfuzz-new-fuzzing-tool-speeds-up-testing-of-network-applications}},
month = {},
year = {},
note = {(Accessed on 06/11/2023)}
}
@misc{GitHubnc82:online,
author = {},
title = {GitHub - nccgroup/fuzzowski: the Network Protocol Fuzzer that we will want to use.},
howpublished = {\url{https://github.com/nccgroup/fuzzowski}},
month = {},
year = {},
note = {(Accessed on 06/11/2023)}
}
@misc{Fuzzing—21:online,
author = {},
title = {Fuzzing — Firefox Source Docs documentation},
howpublished = {\url{https://firefox-source-docs.mozilla.org/tools/fuzzing/index.html}},
month = {},
year = {},
note = {(Accessed on 06/11/2023)}
}
@misc{Fuzztest23:online,
author = {},
title = {Fuzz testing in Chromium},
howpublished = {\url{https://chromium.googlesource.com/chromium/src/+/main/testing/libfuzzer/README.md}},
month = {},
year = {},
note = {(Accessed on 06/11/2023)}
}
@misc{GitHubli9:online,
author = {},
title = {GitHub - libressl/fuzz: fuzz code from openssl updated to target libressl},
howpublished = {\url{https://github.com/libressl/fuzz}},
month = {},
year = {},
note = {(Accessed on 06/11/2023)}
}
@misc{opensslR89:online,
author = {},
title = {openssl/README.md at master · openssl/openssl · GitHub},
howpublished = {\url{https://github.com/openssl/openssl/blob/master/fuzz/README.md}},
month = {},
year = {},
note = {(Accessed on 06/11/2023)}
}
@misc{FuzzingE54:online,
author = {},
title = {Fuzzing Example — Zephyr Project Documentation},
howpublished = {\url{https://docs.zephyrproject.org/latest/samples/subsys/debug/fuzz/README.html}},
month = {},
year = {},
note = {(Accessed on 09/24/2023)}
}
@misc{zephyrsa35:online,
author = {},
title = {zephyr/samples/subsys/debug/fuzz/README.rst at main · zephyrproject-rtos/zephyr · GitHub},
howpublished = {\url{https://github.com/zephyrproject-rtos/zephyr/blob/main//samples/subsys/debug/fuzz/README.rst}},
month = {},
year = {},
note = {(Accessed on 09/24/2023)}
}
@misc{HowCICDI34:online,
author = {},
title = {How CI/CD-Integrated Fuzzing Improves Automotive Software Security},
howpublished = {\url{https://www.code-intelligence.com/blog/cicd-integrated-fuzzing-automotive-software-security}},
month = {},
year = {},
note = {(Accessed on 09/28/2023)}
}
@misc{FuzzingC40:online,
author = {},
title = {Fuzzing: Challenges and Reflections},
howpublished = {\url{https://www.computer.org/csdl/magazine/so/2021/03/09166552/1mgaKsMFDYA}},
month = {},
year = {},
note = {(Accessed on 09/28/2023)}
}
@inproceedings{wang2017skyfire,
  title={Skyfire: Data-driven seed generation for fuzzing},
  author={Wang, Junjie and Chen, Bihuan and Wei, Lei and Liu, Yang},
  booktitle={2017 IEEE Symposium on Security and Privacy (SP)},
  pages={579--594},
  year={2017},
  organization={IEEE}
}
@inproceedings{corina2017difuze,
  title={Difuze: Interface aware fuzzing for kernel drivers},
  author={Corina, Jake and Machiry, Aravind and Salls, Christopher and Shoshitaishvili, Yan and Hao, Shuang and Kruegel, Christopher and Vigna, Giovanni},
  booktitle={Proceedings of the 2017 ACM SIGSAC Conference on Computer and Communications Security},
  pages={2123--2138},
  year={2017}
}
@inproceedings{schumilo2017kafl,
  title={kAFL: Hardware-Assisted Feedback Fuzzing for OS Kernels.},
  author={Schumilo, Sergej and Aschermann, Cornelius and Gawlik, Robert and Schinzel, Sebastian and Holz, Thorsten},
  booktitle={USENIX Security Symposium},
  pages={167--182},
  year={2017}
}
@misc{LucianoR75:online,
author = {},
title = {Luciano Remes | What is a Fuzzer?},
howpublished = {\url{https://www.lremes.com/posts/fuzzing/}},
month = {},
year = {},
note = {(Accessed on 06/12/2023)}
}
@misc{TheMagic36:online,
author = {},
title = {The Magic Behind Feedback-Based Fuzzing},
howpublished = {\url{https://www.code-intelligence.com/blog/the-magic-behind-feedback-based-fuzzing}},
month = {},
year = {},
note = {(Accessed on 06/12/2023)}
}
@misc{LucianoR49:online,
author = {},
title = {Luciano Remes | What is a Fuzzer?},
howpublished = {\url{https://www.lremes.com/posts/fuzzing/}},
month = {},
year = {},
note = {(Accessed on 06/12/2023)}
}
@inproceedings{godefroid2007random,
  title={Random testing for security: blackbox vs. whitebox fuzzing},
  author={Godefroid, Patrice},
  booktitle={Proceedings of the 2nd international workshop on Random testing: co-located with the 22nd IEEE/ACM International Conference on Automated Software Engineering (ASE 2007)},
  pages={1--1},
  year={2007}
}
@article{rhodenfuzzing,
  title={Fuzzing like a Ninja: Using Structured Random Data to Precisely Fuzz Media Players},
  author={Rhoden, Barret and Sturton, Cynthia and Lewis, Colleen},
  publisher={Citeseer}
}
@inproceedings{thiel2008exposing,
  title={Exposing vulnerabilities in media software},
  author={Thiel, David},
  booktitle={Proc. Black Hat EU},
  year={2008}
}
@misc{FuzzingV8:online,
author = {},
title = {Fuzzing VIM. AAAAAAAAAA….: It’s almost a year now I… | by Dhiraj | Medium},
howpublished = {\url{https://medium.com/@dhiraj_mishra/fuzzing-vim-53d7cf9b5561}},
month = {},
year = {},
note = {(Accessed on 06/11/2023)}
}
@misc{Presenta60:online,
author = {},
title = {Presentation Title},
howpublished = {\url{http://events17.linuxfoundation.org/sites/events/files/slides/Weir-Fuzzing.pdf}},
month = {},
year = {},
note = {(Accessed on 06/11/2023)}
}
@article{mallarilinux,
  title={Linux Kernel System Call Fuzzing},
  author={Mallari, Rao Arvind}
}
@inproceedings{canakci2021directfuzz,
  title={Directfuzz: Automated test generation for rtl designs using directed graybox fuzzing},
  author={Canakci, Sadullah and Delshadtehrani, Leila and Eris, Furkan and Taylor, Michael Bedford and Egele, Manuel and Joshi, Ajay},
  booktitle={2021 58th ACM/IEEE Design Automation Conference (DAC)},
  pages={529--534},
  year={2021},
  organization={IEEE}
}
@inproceedings{fu2022griffin,
  title={Griffin: Grammar-Free DBMS Fuzzing},
  author={Fu, Jingzhou and Liang, Jie and Wu, Zhiyong and Wang, Mingzhe and Jiang, Yu},
  booktitle={37th IEEE/ACM International Conference on Automated Software Engineering},
  pages={1--12},
  year={2022}
}
@misc{fuzzingw44:online,
author = {},
title = {fuzzing/why-fuzz.md at master · google/fuzzing · GitHub},
howpublished = {\url{https://github.com/google/fuzzing/blob/master/docs/why-fuzz.md}},
month = {},
year = {},
note = {(Accessed on 06/11/2023)}
}
@misc{UnitTest25:online,
author = {},
title = {Unit Testing Vs Fuzz Testing - Two Sides of the Same Coin?},
howpublished = {\url{https://www.code-intelligence.com/blog/unit-testing-vs-fuzz-testing}},
month = {},
year = {},
note = {(Accessed on 06/11/2023)}
}
@article{godefroid2020fuzzing,
  title={Fuzzing: Hack, art, and science},
  author={Godefroid, Patrice},
  journal={Communications of the ACM},
  volume={63},
  number={2},
  pages={70--76},
  year={2020},
  publisher={ACM New York, NY, USA}
}
@misc{WhatisFu63:online,
author = {},
title = {What is Fuzz Testing [Complete Guide] | Code Intelligence},
howpublished = {\url{https://www.code-intelligence.com/what-is-fuzz-testing}},
month = {},
year = {},
note = {(Accessed on 06/11/2023)}
}
@inproceedings{shahriar2014testing,
  title={Testing of memory leak in android applications},
  author={Shahriar, Hossain and North, Sarah and Mawangi, Edward},
  booktitle={2014 IEEE 15th International Symposium on High-Assurance Systems Engineering},
  pages={176--183},
  year={2014},
  organization={IEEE}
}
@article{demott2006evolving,
  title={The evolving art of fuzzing},
  author={DeMott, Jared},
  journal={Def Con},
  volume={14},
  year={2006}
}
@inproceedings{chen2013taming,
  title={Taming compiler fuzzers},
  author={Chen, Yang and Groce, Alex and Zhang, Chaoqiang and Wong, Weng-Keen and Fern, Xiaoli and Eide, Eric and Regehr, John},
  booktitle={Proceedings of the 34th ACM SIGPLAN conference on Programming language design and implementation},
  pages={197--208},
  year={2013}
}
@article{lomeli2022security,
  title={Security Testing of Embedded TLS Implementations},
  author={Lomeli Ramos, Angel and others},
  year={2022}
}
@article{jaaskela2016genetic,
  title={Genetic algorithm in code coverage guided fuzz testing},
  author={J{\"a}{\"a}skel{\"a}, Esa},
  journal={University of Oulu},
  pages={16},
  year={2016}
}
@article{kim2013automatic,
  title={Automatic and lightweight grammar generation for fuzz testing},
  author={Kim, Su Yong and Cha, Sungdeok and Bae, Doo-Hwan},
  journal={Computers \& Security},
  volume={36},
  pages={1--11},
  year={2013},
  publisher={Elsevier}
}

@inproceedings{bekrar2012taint,
  title={A taint based approach for smart fuzzing},
  author={Bekrar, Sofia and Bekrar, Chaouki and Groz, Roland and Mounier, Laurent},
  booktitle={2012 IEEE Fifth International Conference on Software Testing, Verification and Validation},
  pages={818--825},
  year={2012},
  organization={IEEE}
}
@misc{ShortInt96:online,
author = {},
title = {Short Intro to OSS-Fuzz},
howpublished = {\url{https://www.code-intelligence.com/blog/intro-to-oss-fuzz}},
month = {},
year = {},
note = {(Accessed on 07/02/2023)}
}
@inproceedings {257204,
author = {Andrea Fioraldi and Dominik Maier and Heiko Ei{\ss}feldt and Marc Heuse},
title = {{AFL++} : Combining Incremental Steps of Fuzzing Research},
booktitle = {14th USENIX Workshop on Offensive Technologies (WOOT 20)},
year = {2020},
url = {https://www.usenix.org/conference/woot20/presentation/fioraldi},
publisher = {USENIX Association},
month = aug,
}
@misc{GitHubmr91:online,
author = {},
title = {GitHub - mrash/afl-cov: Produce code coverage results with gcov from afl-fuzz test cases},
howpublished = {\url{https://github.com/mrash/afl-cov}},
month = {},
year = {},
note = {(Accessed on 09/26/2023)}
}
@misc{UbuntuMa97:online,
author = {},
title = {Ubuntu Manpage: lcov - a graphical GCOV front-end},
howpublished = {\url{https://manpages.ubuntu.com/manpages/xenial/man1/lcov.1.html}},
month = {},
year = {},
note = {(Accessed on 09/26/2023)}
}
@misc{AFLFunct92:online,
author = {},
title = {AFL Function Reference - PLOT},
howpublished = {\url{http://www.amibroker.com/guide/afl/plot.html}},
month = {},
year = {},
note = {(Accessed on 09/26/2023)}
}
@misc{GitHubmr58:online,
author = {},
title = {GitHub - mrash/afl-cov: Produce code coverage results with gcov from afl-fuzz test cases},
howpublished = {\url{https://github.com/mrash/afl-cov}},
month = {},
year = {},
note = {(Accessed on 09/26/2023)}
}
@misc{GitHubAF78:online,
author = {},
title = {GitHub - AFLplusplus/AFLplusplus: The fuzzer afl++ is afl with community patches, qemu 5.1 upgrade, collision-free coverage, enhanced laf-intel \& redqueen, AFLfast++ power schedules, MOpt mutators, unicorn\_mode, and a lot more!},
howpublished = {\url{https://github.com/AFLplusplus/AFLplusplus}},
month = {},
year = {},
note = {(Accessed on 04/16/2023)}
}
@misc{WhatisRA11:online,
author = {},
title = {What is RAM (Random Access Memory)? - Definition from SearchStorage},
howpublished = {\url{https://www.techtarget.com/searchstorage/definition/RAM-random-access-memory}},
month = {},
year = {},
note = {(Accessed on 06/17/2023)}
}

@misc{WhatisaC78:online,
author = {},
title = {What is a Central Processing Unit? – Arm®},
howpublished = {\url{https://www.arm.com/glossary/cpu}},
month = {},
year = {},
note = {(Accessed on 06/17/2023)}
}
@misc{GitHubnc62:online,
author = {},
title = {GitHub - nccgroup/TriforceLinuxSyscallFuzzer: A linux system call fuzzer using TriforceAFL},
howpublished = {\url{https://github.com/nccgroup/TriforceLinuxSyscallFuzzer}},
month = {},
year = {},
note = {(Accessed on 04/16/2023)}
}
@misc{GitHubBa48:online,
author = {},
title = {GitHub - Battelle/afl-unicorn: afl-unicorn lets you fuzz any piece of binary that can be emulated by Unicorn Engine.},
howpublished = {\url{https://github.com/Battelle/afl-unicorn}},
month = {},
year = {},
note = {(Accessed on 04/16/2023)}
}
@misc{Unicorn–92:online,
author = {},
title = {Unicorn – The Ultimate CPU emulator},
howpublished = {\url{https://www.unicorn-engine.org/}},
month = {},
year = {},
note = {(Accessed on 07/02/2023)}
}
@misc{aflunico82:online,
author = {},
title = {afl-unicorn: Fuzzing Arbitrary Binary Code | by Nathan Voss | HackerNoon.com | Medium},
howpublished = {\url{https://medium.com/hackernoon/afl-unicorn-fuzzing-arbitrary-binary-code-563ca28936bf}},
month = {},
year = {},
note = {(Accessed on 04/16/2023)}
}
@misc{GitHubmb97:online,
author = {},
title = {GitHub - mboehme/aflfast: AFLFast (extends AFL with Power Schedules)},
howpublished = {\url{https://github.com/mboehme/aflfast}},
month = {},
year = {},
note = {(Accessed on 04/16/2023)}
}
@misc{GitHubgo92:online,
author = {},
title = {GitHub - google/AFL: american fuzzy lop - a security-oriented fuzzer},
howpublished = {\url{https://github.com/google/AFL}},
month = {},
year = {},
note = {(Accessed on 02/25/2023)}
}
@inproceedings{godefroid2007compositional,
  title={Compositional dynamic test generation},
  author={Godefroid, Patrice},
  booktitle={Proceedings of the 34th annual ACM SIGPLAN-SIGACT symposium on Principles of programming languages},
  pages={47--54},
  year={2007}
}
@misc{libFuzze17:online,
author = {},
title = {libFuzzer – a library for coverage-guided fuzz testing. — LLVM 17.0.0git documentation},
howpublished = {\url{https://llvm.org/docs/LibFuzzer.html}},
month = {},
year = {},
note = {(Accessed on 02/25/2023)}
}

@misc{GitHubgo89:online,
author = {},
title = {GitHub - google/honggfuzz: Security oriented software fuzzer. Supports evolutionary, feedback-driven fuzzing based on code coverage (SW and HW based)},
howpublished = {\url{https://github.com/google/honggfuzz}},
month = {},
year = {},
note = {(Accessed on 02/25/2023)}
}
@inproceedings {238602,
author = {Dominik Maier and Benedikt Radtke and Bastian Harren},
title = {Unicorefuzz: On the Viability of Emulation for Kernelspace Fuzzing},
booktitle = {13th USENIX Workshop on Offensive Technologies (WOOT 19)},
year = {2019},
address = {Santa Clara, CA},
url = {https://www.usenix.org/conference/woot19/presentation/maier},
publisher = {USENIX Association},
month = aug,
}
@misc{AFLplusp66:online,
author = {},
title = {AFLplusplus/unicorn\_mode at stable · AFLplusplus/AFLplusplus · GitHub},
howpublished = {\url{https://github.com/AFLplusplus/AFLplusplus/tree/stable/unicorn_mode}},
month = {},
year = {},
note = {(Accessed on 04/15/2023)}
}
%----------------------------------------------------------------------------------------
%	WEB, VIDEO, SOCIAL MEDIA,...
%----------------------------------------------------------------------------------------

@online{wikibooks:latex,
author = "wikibooks.org",
title = "\LaTeX{}",
year = "2005",
publisher = "{wikibooks.org}",
url = "http://en.wikibooks.org/wiki/LaTeX",
urldate = {2012-11-05}
}

@misc{Software76:online,
author = {},
title = {Software | Definition, Types, \& Facts | Britannica},
howpublished = {\url{https://www.britannica.com/technology/software}},
month = {},
year = {},
note = {(Accessed on 01/04/2023)}
}

@misc{Differen44:online,
author = {},
title = {Differences between Functional and Non-functional Testing - GeeksforGeeks},
howpublished = {\url{https://www.geeksforgeeks.org/differences-between-functional-and-non-functional-testing/}},
month = {},
year = {},
note = {(Accessed on 02/02/2023)}
}

@online{IoTconne16:online,
author = {},
title = {IoT connected devices worldwide 2019-2030 | Statista},
howpublished = {\url{https://www.statista.com/statistics/1183457/iot-connected-devices-worldwide/}},
month = {},
year = {},
note = {(Accessed on 10/22/2022)}
}


@misc{CiscoAnn1:online,
author = {},
title = {Cisco Annual Internet Report - Cisco Annual Internet Report (2018–2023) White Paper - Cisco},
howpublished = {\url{https://www.cisco.com/c/en/us/solutions/collateral/executive-perspectives/annual-internet-report/white-paper-c11-741490.html}},
month = {},
year = {},
note = {(Accessed on 03/25/2023)}
}
@misc{Stateoft48:online,
author = {},
title = {State of the IoT 2020: 12 billion IoT connections},
howpublished = {\url{https://iot-analytics.com/state-of-the-iot-2020-12-billion-iot-connections-surpassing-non-iot-for-the-first-time/}},
month = {},
year = {},
note = {(Accessed on 03/25/2023)}
}
@misc{HowManyI1:online,
author = {},
title = {How Many IoT Devices Are There in 2023?},
howpublished = {\url{https://techjury.net/blog/how-many-iot-devices-are-there/}},
month = {},
year = {},
note = {(Accessed on 03/25/2023)}
}
@misc{PeachFuz35:online,
author = {},
title = {Peach Fuzzer},
howpublished = {\url{https://peachtech.gitlab.io/peach-fuzzer-community/}},
month = {},
year = {},
note = {(Accessed on 02/25/2023)}
}
@misc{AkiHelin96:online,
author = {},
title = {Aki Helin / radamsa · GitLab},
howpublished = {\url{https://gitlab.com/akihe/radamsa}},
month = {},
year = {},
note = {(Accessed on 04/15/2023)}
}

@article{pereyda2019boofuzz,
  title={boofuzz Documentation},
  author={Pereyda, Joshua},
  journal={THIS REFERENCE STILL NEEDS TO BE FIXED},
  year={2019}
}
@misc{GitHubke76:online,
author = {},
title = {GitHub - kernelslacker/trinity: Linux system call fuzzer},
howpublished = {\url{https://github.com/kernelslacker/trinity}},
month = {},
year = {},
note = {(Accessed on 02/25/2023)}
}
@misc{GitHubMo73:online,
author = {},
title = {GitHub - MozillaSecurity/funfuzz: A collection of fuzzers in a harness for testing the SpiderMonkey JavaScript engine.},
howpublished = {\url{https://github.com/MozillaSecurity/funfuzz}},
month = {},
year = {},
note = {(Accessed on 02/25/2023)}
}
@video{youtube:biblatex,
author = " ShareLaTeX",
title = "\LaTeX{} Tutorial pt 5 - Bibliographies and Natbib",
year = "2013",
url = "https://www.youtube.com/watch?v=-N2qtTnP1sg",
urldate = {2019-11-05}
}

@online{GitHubgo49:online,
author = {},
title = {GitHub - google/oss-fuzz: OSS-Fuzz - continuous fuzzing for open source software.},
howpublished = {\url{https://github.com/google/oss-fuzz}},
month = {},
year = {},
note = {(Accessed on 10/23/2022)}
}
@misc{GitHubgo59:online,
author = {},
title = {GitHub - google/fuzztest},
howpublished = {\url{https://github.com/google/fuzztest}},
month = {},
year = {},
note = {(Accessed on 06/18/2023)}
}
@inproceedings{bohme2016coverage,
  title={Coverage-based greybox fuzzing as markov chain},
  author={B{\"o}hme, Marcel and Pham, Van-Thuan and Roychoudhury, Abhik},
  booktitle={Proceedings of the 2016 ACM SIGSAC Conference on Computer and Communications Security},
  pages={1032--1043},
  year={2016}
}
@misc{GoogleOn27:online,
author = {},
title = {Google Online Security Blog: AI-Powered Fuzzing: Breaking the Bug Hunting Barrier},
howpublished = {\url{https://security.googleblog.com/2023/08/ai-powered-fuzzing-breaking-bug-hunting.html}},
month = {},
year = {},
note = {(Accessed on 09/30/2023)}
}
@misc{GitHubgo55:online,
author = {},
title = {GitHub - google/sanitizers: AddressSanitizer, ThreadSanitizer, MemorySanitizer},
howpublished = {\url{https://github.com/google/sanitizers}},
month = {},
year = {},
note = {(Accessed on 06/12/2023)}
}
@online{ClusterF90:online,
author = {},
title = {ClusterFuzzLite - ClusterFuzzLite},
howpublished = {\url{https://google.github.io/clusterfuzzlite/}},
month = {},
year = {},
note = {(Accessed on 10/23/2022)}
}
@misc{ClusterF78:online,
author = {},
title = {ClusterFuzz | Documentation for ClusterFuzz},
howpublished = {\url{https://google.github.io/clusterfuzz/\#trophies}},
month = {},
year = {},
note = {(Accessed on 04/02/2023)}
}
@article{segedyfuzz,
  title={FUZZ TESTING OF REST API},
  author={SEGEDY, Bc PATRIK}
}

@article{roning1999protos,
  title={PROTOS--Security Testing of Protocol Implementations},
  author={R{\"o}ning, J and others},
  journal={Computer Engineering Laboratory, University of Oulu},
  volume={2003},
  year={1999}
}
@misc{FuzzBenc32:online,
author = {},
title = {FuzzBench | Documentation for FuzzBench},
howpublished = {\url{https://google.github.io/fuzzbench/}},
month = {},
year = {},
note = {(Accessed on 04/16/2023)}
}
@misc{GitHubgo32:online,
author = {},
title = {GitHub - google/fuzzbench: FuzzBench - Fuzzer benchmarking as a service.},
howpublished = {\url{https://github.com/google/fuzzbench}},
month = {},
year = {},
note = {(Accessed on 04/16/2023)}
}
@misc{GitHubmi60:online,
author = {},
title = {GitHub - microsoft/onefuzz: A self-hosted Fuzzing-As-A-Service platform},
howpublished = {\url{https://github.com/microsoft/onefuzz}},
month = {},
year = {},
note = {(Accessed on 04/02/2023)}
}
@misc{AdobeFla64:online,
author = {},
title = {Adobe Flash, Reader, and Acrobat Vulnerability | CISA},
howpublished = {\url{https://www.cisa.gov/news-events/alerts/2010/06/08/adobe-flash-reader-and-acrobat-vulnerability}},
month = {},
year = {},
note = {(Accessed on 04/02/2023)}
}
@misc{“Mayhem”62:online,
author = {},
title = {“Mayhem” Declared Preliminary Winner of Historic Cyber Grand Challenge},
howpublished = {\url{https://www.darpa.mil/news-events/2016-08-04}},
month = {},
year = {},
note = {(Accessed on 04/02/2023)}
}
@inproceedings{srivastava2019firmfuzz,
  title={Firmfuzz: Automated iot firmware introspection and analysis},
  author={Srivastava, Prashast and Peng, Hui and Li, Jiahao and Okhravi, Hamed and Shrobe, Howard and Payer, Mathias},
  booktitle={Proceedings of the 2nd International ACM Workshop on Security and Privacy for the Internet-of-Things},
  pages={15--21},
  year={2019}
}

@inproceedings{durumeric2014matter,
  title={The matter of heartbleed},
  author={Durumeric, Zakir and Li, Frank and Kasten, James and Amann, Johanna and Beekman, Jethro and Payer, Mathias and Weaver, Nicolas and Adrian, David and Paxson, Vern and Bailey, Michael and others},
  booktitle={Proceedings of the 2014 conference on internet measurement conference},
  pages={475--488},
  year={2014}
}
@inproceedings{shetty2018shellshock,
  title={Shellshock vulnerability exploitation and mitigation: a demonstration},
  author={Shetty, Rushank and Choo, Kim-Kwang Raymond and Kaufman, Robert},
  booktitle={International Conference on Applications and Techniques in Cyber Security and Intelligence: Applications and Techniques in Cyber Security and Intelligence},
  pages={338--350},
  year={2018},
  organization={Springer}
}
@inproceedings{wang2017double,
  title={How double-fetch situations turn into double-fetch vulnerabilities: A study of double fetches in the linux kernel},
  author={Wang, Pengfei and Krinke, Jens and Lu, Kai and Li, Gen and Dodier-Lazaro, Steve},
  booktitle={Proceedings of the 26th USENIX Security Symposium (USENIX Security’17)},
  volume={26},
  year={2017},
  organization={The Advanced Computing Systems Association}
}

@book{smart2011jenkins,
  title={Jenkins: The Definitive Guide: Continuous Integration for the Masses},
  author={Smart, John Ferguson},
  year={2011},
  publisher={" O'Reilly Media, Inc."}
}
@book{sayfan2017mastering,
  title={Mastering kubernetes},
  author={Sayfan, Gigi},
  year={2017},
  publisher={Packt Publishing Ltd}
}
@inproceedings{haller2013dowsing,
  title={Dowsing for overflows: a guided fuzzer to find buffer boundary violations.},
  author={Haller, Istvan and Slowinska, Asia and Neugschwandtner, Matthias and Bos, Herbert},
  booktitle={USENIX Security Symposium},
  pages={49--64},
  year={2013},
  organization={USA}
}
@inproceedings{osterlund2020parmesan,
  title={Parmesan: Sanitizer-guided greybox fuzzing},
  author={{\"O}sterlund, Sebastian and Razavi, Kaveh and Bos, Herbert and Giuffrida, Cristiano},
  booktitle={Proceedings of the 29th USENIX Conference on Security Symposium},
  pages={2289--2306},
  year={2020}
}
@misc{ClangCLa81:online,
author = {},
title = {Clang C Language Family Frontend for LLVM},
howpublished = {\url{https://clang.llvm.org/}},
month = {},
year = {},
note = {(Accessed on 09/28/2023)}
}
@misc{Undefine50:online,
author = {},
title = {UndefinedBehaviorSanitizer — Clang 17.0.0git documentation},
howpublished = {\url{https://clang.llvm.org/docs/UndefinedBehaviorSanitizer.html}},
month = {},
year = {},
note = {(Accessed on 06/17/2023)}
}
@inproceedings{stepanov2015memorysanitizer,
  title={MemorySanitizer: fast detector of uninitialized memory use in C++},
  author={Stepanov, Evgeniy and Serebryany, Konstantin},
  booktitle={2015 IEEE/ACM International Symposium on Code Generation and Optimization (CGO)},
  pages={46--55},
  year={2015},
  organization={IEEE}
}
@misc{MemorySa64:online,
author = {},
title = {MemorySanitizer · google/sanitizers Wiki · GitHub},
howpublished = {\url{https://github.com/google/sanitizers/wiki/MemorySanitizer}},
month = {},
year = {},
note = {(Accessed on 06/17/2023)}
}
@misc{AddressS43:online,
author = {},
title = {AddressSanitizer · google/sanitizers Wiki · GitHub},
howpublished = {\url{https://github.com/google/sanitizers/wiki/AddressSanitizer}},
month = {},
year = {},
note = {(Accessed on 06/17/2023)}
}
@misc{fuzzingt51:online,
author = {},
title = {fuzzing/tutorial/libFuzzerTutorial.md at master · google/fuzzing · GitHub},
howpublished = {\url{https://github.com/google/fuzzing/blob/master/tutorial/libFuzzerTutorial.md}},
month = {},
year = {},
note = {(Accessed on 09/28/2023)}
}
@misc{american20:online,
author = {},
title = {american fuzzy lop},
howpublished = {\url{https://lcamtuf.coredump.cx/afl/\#bugs}},
month = {},
year = {},
note = {(Accessed on 04/02/2023)}
}
@misc{fuzzinga40:online,
author = {},
title = {fuzzing/afl-based-fuzzers-overview.md at master · google/fuzzing · GitHub},
howpublished = {\url{https://github.com/google/fuzzing/blob/master/docs/afl-based-fuzzers-overview.md}},
month = {},
year = {},
note = {(Accessed on 04/16/2023)}
}
@misc{libFuzze42:online,
author = {},
title = {libFuzzer – a library for coverage-guided fuzz testing. — LLVM 17.0.0git documentation},
howpublished = {\url{https://llvm.org/docs/LibFuzzer.html\#trophies}},
month = {},
year = {},
note = {(Accessed on 04/02/2023)}
}
@misc{syzkalle20:online,
author = {},
title = {syzkaller/found\_bugs.md at master · google/syzkaller · GitHub},
howpublished = {\url{https://github.com/google/syzkaller/blob/master/docs/found_bugs.md}},
month = {},
year = {},
note = {(Accessed on 04/02/2023)}
}
@misc{GitHubdv6:online,
author = {},
title = {GitHub - dvyukov/go-fuzz: Randomized testing for Go},
howpublished = {\url{https://github.com/dvyukov/go-fuzz\#trophies}},
month = {},
year = {},
note = {(Accessed on 04/02/2023)}
}
@misc{GitHubgo17:online,
author = {},
title = {GitHub - google/honggfuzz: Security oriented software fuzzer. Supports evolutionary, feedback-driven fuzzing based on code coverage (SW and HW based)},
howpublished = {\url{https://github.com/google/honggfuzz\#trophies}},
month = {},
year = {},
note = {(Accessed on 04/02/2023)}
}
@misc{SapienzI13:online,
author = {},
title = {Sapienz: Intelligent automated software testing at scale - Engineering at Meta},
howpublished = {\url{https://engineering.fb.com/2018/05/02/developer-tools/sapienz-intelligent-automated-software-testing-at-scale/}},
month = {},
year = {},
note = {(Accessed on 04/02/2023)}
}
@online{Hardware2:online,
author = {},
title = {Hardware Root of Trust: Everything you need to know - Rambus},
howpublished = {\url{https://www.rambus.com/blogs/hardware-root-of-trust/}},
month = {},
year = {},
note = {(Accessed on 10/23/2022)}
}
@online{RootsofT78:online,
author = {},
title = {Roots of Trust | CSRC},
howpublished = {\url{https://csrc.nist.gov/projects/hardware-roots-of-trust}},
month = {},
year = {},
note = {(Accessed on 10/30/2022)}
}

@inproceedings{lin2020aflnet,
    title={AFLNet: A Greybox Fuzzer for Network Protocols},
    author={Lin, Van-Thuan and Nguyen, Duc-Hiep and Chieu, Tuong and Roychoudhury, Abhik},
    booktitle={2020 IEEE/ACM 42nd International Conference on Software Engineering (ICSE)},
    pages={510--521},
    year={2020},
    organization={IEEE}
}

@inproceedings{kim2019iotcube,
    title={IoTcube: An Automated IoT App Security Testing Framework},
    author={Kim, Seungsoo and Kim, Hyunwoo and Jeong, Jaeho and Lee, Sooel and Yoon, Yongdae},
    booktitle={Proceedings of the Network and Distributed System Security Symposium},
    year={2019}
}

@article{vidas2019fuzzy,
    title={FUZZY: A Framework for Secure Fuzzing of Zigbee Implementations},
    author={Vidas, Tim and Franco, Kristopher and Heffner, Jason and others},
    journal={arXiv preprint arXiv:1904.04824},
    year={2019}
}
@article{beaman2022fuzzing,
  title={Fuzzing vulnerability discovery techniques: survey, challenges and future directions},
  author={Beaman, Craig and Redbourne, Michael and Mummery, J Darren and Hakak, Saqib},
  journal={Computers \& Security},
  pages={102813},
  year={2022},
  publisher={Elsevier}
}
@misc{GitHubHy1:online,
author = {},
title = {GitHub - HypothesisWorks/hypothesis: Hypothesis is a powerful, flexible, and easy to use library for property-based testing.},
howpublished = {\url{https://github.com/HypothesisWorks/hypothesis/}},
month = {},
year = {},
note = {(Accessed on 06/18/2023)}
}
@misc{Introduc26:online,
author = {},
title = {Introduction of Embedded Systems | Set-1 - GeeksforGeeks},
howpublished = {\url{https://www.geeksforgeeks.org/introduction-of-embedded-systems-set-1/}},
month = {},
year = {},
note = {(Accessed on 06/18/2023)}
}
@misc{MainType35:online,
author = {},
title = {Main Types of Embedded Systems Worth Knowing - Velvetech},
howpublished = {\url{https://www.velvetech.com/blog/types-of-embedded-systems/}},
month = {},
year = {},
note = {(Accessed on 06/18/2023)}
}
@misc{Whatisas39:online,
author = {},
title = {What is a smartwatch?},
howpublished = {\url{https://www.futurelearn.com/info/courses/embedded-systems/0/steps/64773}},
month = {},
year = {},
note = {(Accessed on 06/18/2023)}
}
@misc{atheris2020,
    title={Atheris: A Coverage-guided, Native Python Fuzzer},
    author={Google},
    year={2020},
    howpublished={\url{https://github.com/google/atheris}}
}
@book{li2003real,
  title={Real-time concepts for embedded systems},
  author={Li, Qing and Yao, Caroline},
  year={2003},
  publisher={CRC press}
}
@misc{Classifi68:online,
author = {},
title = {Classification of Embedded Systems - GeeksforGeeks},
howpublished = {\url{https://www.geeksforgeeks.org/classification-of-embedded-systems/}},
month = {},
year = {},
note = {(Accessed on 06/18/2023)}
}
@online{ISOISO9048:online,
author = {},
title = {ISO - ISO 9000 family — Quality management},
howpublished = {\url{https://www.iso.org/iso-9001-quality-management.html}},
month = {},
year = {},
note = {(Accessed on 10/30/2022)}
}
%----------------------------------------------------------------------------------------
%	SOFTWARE, MANUAL,...
%----------------------------------------------------------------------------------------

@manual{ctan:biblatex,
author = "Philip Kime and Moritz Wemheuer and Philipp Lehman",
title = "The biblatex Package",
subtitle = "Programmable Bibliographies and Citations",
version = "3.16",
year = "2020",
url = "http://mirrors.ctan.org/macros/latex/contrib/biblatex/doc/biblatex.pdf",
urldate = {2021-06-16}
}


%----------------------------------------------------------------------------------------
%	LEGAL, LAW, CONSTITUTION, CHARTER, PATENT, STANDARD,...
%----------------------------------------------------------------------------------------

@legal{un:udhr,
  organization = {United Nations},
  title = {The Universal Declaration of Human Rights},
  url = {https://www.un.org/en/about-us/universal-declaration-of-human-rights},
  urldate = {2021-06-18},
  year = 1948
}
